<record><leader>00000cas a22000007a 4500</leader><controlfield tag="001">11189972</controlfield><controlfield tag="008">840924c19819999mauwr ne      0   a0eng d</controlfield><datafield ind1=" " ind2=" " tag="010"><subfield code="a">sn 91058062 </subfield></datafield><datafield ind1=" " ind2=" " tag="040"><subfield code="a">BAB</subfield><subfield code="b">eng</subfield><subfield code="c">BAB</subfield><subfield code="d">MGN</subfield><subfield code="d">OCLCQ</subfield><subfield code="d">OCLCF</subfield><subfield code="d">OCLCO</subfield></datafield><datafield ind1="1" ind2=" " tag="029"><subfield code="a">AU@</subfield><subfield code="b">000020661803</subfield></datafield><datafield ind1=" " ind2=" " tag="042"><subfield code="a">msc</subfield></datafield><datafield ind1=" " ind2=" " tag="043"><subfield code="a">n-us-ma</subfield></datafield><datafield ind1="0" ind2="4" tag="245"><subfield code="a">The Wellesley townsman.</subfield></datafield><datafield ind1=" " ind2=" " tag="260"><subfield code="a">Wellesley, Mass. :</subfield><subfield code="b">Townsman Pub. Co.</subfield></datafield><datafield ind1=" " ind2=" " tag="300"><subfield code="a">v. :</subfield><subfield code="b">ill. ;</subfield><subfield code="c">58 cm.</subfield></datafield><datafield ind1=" " ind2=" " tag="310"><subfield code="a">Weekly</subfield></datafield><datafield ind1="0" ind2=" " tag="362"><subfield code="a">Vol. 76, no. 1 (Apr. 2, 1981)-</subfield></datafield><datafield ind1=" " ind2=" " tag="500"><subfield code="a">Published in Waltham by Harte-Hanks Community Newspapers, &lt;1994-&gt;.</subfield></datafield><datafield ind1=" " ind2="0" tag="651"><subfield code="a">Wellesley (Mass.)</subfield><subfield code="v">Newspapers.</subfield></datafield><datafield ind1=" " ind2="7" tag="655"><subfield code="a">Newspapers.</subfield><subfield code="2">fast</subfield><subfield code="0">(OCoLC)fst01423814</subfield></datafield><datafield ind1=" " ind2="7" tag="651"><subfield code="a">Massachusetts</subfield><subfield code="z">Wellesley.</subfield><subfield code="2">fast</subfield><subfield code="0">(OCoLC)fst01209093</subfield></datafield><datafield ind1=" " ind2=" " tag="752"><subfield code="a">United States</subfield><subfield code="b">Massachusetts</subfield><subfield code="c">Middlesex</subfield><subfield code="d">Waltham.</subfield></datafield><datafield ind1=" " ind2=" " tag="752"><subfield code="a">United States</subfield><subfield code="b">Massachusetts</subfield><subfield code="c">Norfolk</subfield><subfield code="d">Wellesley.</subfield></datafield><datafield ind1="0" ind2="0" tag="780"><subfield code="t">Townsman (Wellesley, Mass.)</subfield><subfield code="w">(DLC)sn 89063392</subfield></datafield><datafield ind1=" " ind2=" " tag="936"><subfield code="a">Sept. 6, 1984</subfield></datafield></record>